
@misc{pm,
	TITLE = "Particle Pollution (PM)",
	PUBLISHER = "AirNow",
    howpublished = "http://www.airnow.gov/index.cfm?action=aqibasics.particle"	}

@misc{data,
	TITLE = "Air Quality Monitoring Program",
    howpublished = "http://www.stateair.net/web/historical/1/1.html",
    PUBLISHER = "U.S. Department of State"
    	}

@misc{level,
	TITLE = "Air Quality Guide",
    howpublished = "http://www.stateair.net/web/post/1/1.html",
    PUBLISHER = "U.S. Department of State"
    	}

@misc{nn,
	TITLE = "Fit Data with a Neural Network",
    howpublished = "http://www.mathworks.com/help/nnet/gs/fit-data-with-a-neural-network.html",
    PUBLISHER = "The MathWorks, Inc."
    	}

 @misc{lr,
	TITLE = "Linear Regression",
    howpublished = "http://www.mathworks.com/help/matlab/data\_analysis/linear-regression.html",
    PUBLISHER = "The MathWorks, Inc."
    	}
